<?xml version="1.0" encoding="UTF-8"?><collection xmlns="http://www.loc.gov/MARC21/slim"><record><leader>00576nam--2200205-u-4500</leader><controlfield tag="001">000052680</controlfield><controlfield tag="002">20161230</controlfield><controlfield tag="005">20161230201050</controlfield><controlfield tag="008">101002s1000------------r-----000-0-rus-d</controlfield><datafield ind1=" " ind2=" " tag="040"><subfield code="a">IFIN-HH</subfield></datafield><datafield ind1=" " ind2=" " tag="041"><subfield code="a">rus</subfield></datafield><datafield ind1=" " ind2=" " tag="080"><subfield code="a">533.9</subfield></datafield><datafield ind1="1" ind2=" " tag="100"><subfield code="a">Simon, Albert</subfield></datafield><datafield ind1="1" ind2="0" tag="245"><subfield code="a">Dostijeniia fiziki plazmi</subfield><subfield code="c">Albert Simon, William B. Thompson (Eds.)</subfield></datafield><datafield ind1=" " ind2=" " tag="260"><subfield code="a">Moskva</subfield><subfield code="b">Mir</subfield><subfield code="c">1974</subfield></datafield><datafield ind1=" " ind2=" " tag="300"><subfield code="a">309 p</subfield></datafield><datafield ind1=" " ind2=" " tag="500"><subfield code="a">Titlul original in lb. engleza: Avances in Plasma Physics. Vols.3 and 4</subfield></datafield><datafield ind1="1" ind2=" " tag="700"><subfield code="a">Thompson, William B</subfield></datafield><datafield ind1=" " ind2=" " tag="852"><subfield code="a">77186</subfield><subfield code="c">533.9</subfield></datafield><datafield ind1=" " ind2=" " tag="CAT"><subfield code="a">Sys</subfield><subfield code="c">20101002</subfield><subfield code="h">143232</subfield></datafield></record></collection>